<?xml version="1.0" encoding="UTF-8"?><collection xmlns="http://www.loc.gov/MARC21/slim"><record><leader>00425nam--2200157-u-4500</leader><controlfield tag="001">000056714</controlfield><controlfield tag="002">20161230</controlfield><controlfield tag="005">20161230201052</controlfield><controlfield tag="008">161003s1000------------r-----000-0-eng-d</controlfield><datafield ind1=" " ind2=" " tag="040"><subfield code="a">IFIN-HH</subfield></datafield><datafield ind1="1" ind2=" " tag="100"><subfield code="a">Kajita, Takaaki</subfield></datafield><datafield ind1="1" ind2="0" tag="245"><subfield code="a">Experimental Studies of Neutrino Oscillations</subfield><subfield code="c">Takaaki Kajita</subfield></datafield><datafield ind1=" " ind2=" " tag="260"><subfield code="a">Singapore</subfield><subfield code="b">World Scientific</subfield><subfield code="c">2016</subfield></datafield><datafield ind1=" " ind2=" " tag="300"><subfield code="a">98p.+VI</subfield></datafield><datafield ind1=" " ind2=" " tag="852"><subfield code="a">82439</subfield><subfield code="c">539.12</subfield></datafield><datafield ind1=" " ind2=" " tag="CAT"><subfield code="a">Sys</subfield><subfield code="c">20161003</subfield><subfield code="h">141257</subfield></datafield></record></collection>